{
  "leader": "01532cam a22003611i 4500",
  "fields": [
    {
      "001": "ocm05779630\\"
    },
    {
      "003": "OCoLC"
    },
    {
      "005": "20220705103754.0"
    },
    {
      "008": "791210s1948\\\\\\\\msu\\\\\\\\\\\\f\\\\\\\\001\\0\\eng\\\\"
    },
    {
      "010": {
        "ind1": "\\",
        "ind2": "\\",
        "subfields": [
          {
            "a": "   48045113 "
          }
        ]
      }
    },
    {
      "040": {
        "ind1": "\\",
        "ind2": "\\",
        "subfields": [
          {
            "a": "DLC"
          },
          {
            "b": "eng"
          },
          {
            "c": "DLC"
          },
          {
            "d": "MFM"
          },
          {
            "d": "OCLCF"
          },
          {
            "d": "OCLCQ"
          },
          {
            "d": "OCLCO"
          },
          {
            "d": "OCLCQ"
          },
          {
            "d": "OCLCA"
          },
          {
            "d": "OCLCO"
          }
        ]
      }
    },
    {
      "035": {
        "ind1": "\\",
        "ind2": "\\",
        "subfields": [
          {
            "a": "(OCoLC)5779630"
          }
        ]
      }
    },
    {
      "042": {
        "ind1": "\\",
        "ind2": "\\",
        "subfields": [
          {
            "a": "premarc"
          }
        ]
      }
    },
    {
      "043": {
        "ind1": "\\",
        "ind2": "\\",
        "subfields": [
          {
            "a": "n-us-ms"
          }
        ]
      }
    },
    {
      "050": {
        "ind1": "0",
        "ind2": "0",
        "subfields": [
          {
            "a": "JK4631 1948"
          },
          {
            "b": ".A5"
          }
        ]
      }
    },
    {
      "082": {
        "ind1": "0",
        "ind2": "4",
        "subfields": [
          {
            "a": "353.9762"
          },
          {
            "b": "UNI"
          }
        ]
      }
    },
    {
      "110": {
        "ind1": "2",
        "ind2": "\\",
        "subfields": [
          {
            "a": "University of Mississippi."
          },
          {
            "b": "Bureau of Governmental Research."
          }
        ]
      }
    },
    {
      "245": {
        "ind1": "1",
        "ind2": "2",
        "subfields": [
          {
            "a": "A handbook of Mississippi State agencies."
          }
        ]
      }
    },
    {
      "260": {
        "ind1": "\\",
        "ind2": "\\",
        "subfields": [
          {
            "a": "University :"
          },
          {
            "b": "Bureau of Public Administration, University of Mississippi,"
          },
          {
            "c": "1948."
          }
        ]
      }
    },
    {
      "300": {
        "ind1": "\\",
        "ind2": "\\",
        "subfields": [
          {
            "a": "vii, 191 pages ;"
          },
          {
            "c": "21 cm."
          }
        ]
      }
    },
    {
      "336": {
        "ind1": "\\",
        "ind2": "\\",
        "subfields": [
          {
            "a": "text"
          },
          {
            "b": "txt"
          },
          {
            "2": "rdacontent"
          }
        ]
      }
    },
    {
      "337": {
        "ind1": "\\",
        "ind2": "\\",
        "subfields": [
          {
            "a": "unmediated"
          },
          {
            "b": "n"
          },
          {
            "2": "rdamedia"
          }
        ]
      }
    },
    {
      "338": {
        "ind1": "\\",
        "ind2": "\\",
        "subfields": [
          {
            "a": "volume"
          },
          {
            "b": "nc"
          },
          {
            "2": "rdacarrier"
          }
        ]
      }
    },
    {
      "490": {
        "ind1": "1",
        "ind2": "\\",
        "subfields": [
          {
            "a": "University of Mississippi. Bureau of Public Administration. Publication,"
          },
          {
            "v": "14. State administration series, no. 5"
          }
        ]
      }
    },
    {
      "500": {
        "ind1": "\\",
        "ind2": "\\",
        "subfields": [
          {
            "a": "Published by the bureau under its earlier name: Bureau of Business Research."
          }
        ]
      }
    },
    {
      "650": {
        "ind1": "\\",
        "ind2": "0",
        "subfields": [
          {
            "a": "Executive departments"
          },
          {
            "z": "Mississippi."
          }
        ]
      }
    },
    {
      "650": {
        "ind1": "\\",
        "ind2": "7",
        "subfields": [
          {
            "a": "Executive departments."
          },
          {
            "2": "fast"
          },
          {
            "0": "(OCoLC)fst00917803"
          }
        ]
      }
    },
    {
      "651": {
        "ind1": "\\",
        "ind2": "7",
        "subfields": [
          {
            "a": "Mississippi."
          },
          {
            "2": "fast"
          },
          {
            "0": "(OCoLC)fst01207034"
          }
        ]
      }
    },
    {
      "810": {
        "ind1": "2",
        "ind2": "\\",
        "subfields": [
          {
            "a": "University of Mississippi."
          },
          {
            "b": "Bureau of Public Administration."
          },
          {
            "t": "Publication ;"
          },
          {
            "v": "14. State administration series, no. 5."
          }
        ]
      }
    },
    {
      "810": {
        "ind1": "1",
        "ind2": "\\",
        "subfields": [
          {
            "a": "Mississippi."
          },
          {
            "b": "Bureau of Governmental Research."
          },
          {
            "t": "State Administration series ;"
          },
          {
            "v": "no. 5."
          }
        ]
      }
    },
    {
      "994": {
        "ind1": "\\",
        "ind2": "\\",
        "subfields": [
          {
            "a": "Z0"
          },
          {
            "b": "NYRVC"
          }
        ]
      }
    },
    {
      "948": {
        "ind1": "\\",
        "ind2": "\\",
        "subfields": [
          {
            "h": "NO HOLDINGS IN NYRVC - 43 OTHER HOLDINGS"
          }
        ]
      }
    },
    {
      "999": {
        "ind1": "\\",
        "ind2": "\\",
        "subfields": [
          {
            "a": "00000000016948"
          }
        ]
      }
    }
  ]
}